@unpublished{PyMOL,
annote = {PyMOL
The PyMOL Molecular Graphics System, Version 1.3, Schr\{\"{o}\}dinger, LLC.},
author = {{Schr\"{o}dinger, LLC}},
month = aug,
title = {{The \{PyMOL\} Molecular Graphics System, Version\~{}1.4.1}},
year = {2010}
}
@article{Wang2006,
author = {Wang, Tao and Zhang, Xiangbin and Bheda, Poonam and Revollo, Javier R and Imai, Shin-ichiro and Wolberger, Cynthia},
doi = {10.1038/nsmb1114},
file = {:media/ines/storage/NamPRT/Paper{\_}NamPRT/Bibtex/Wang2006.pdf:pdf},
issn = {1545-9993},
journal = {Nature Structural {\&} Molecular Biology},
month = {jul},
number = {7},
pages = {661--662},
title = {{Structure of Nampt/PBEF/visfatin, a mammalian NAD+ biosynthetic enzyme}},
url = {http://www.nature.com/articles/nsmb1114},
volume = {13},
year = {2006}
}
@article{Abraham2015,
author = {Abraham, Mark James and Murtola, Teemu and Schulz, Roland and P{\'{a}}ll, Szil{\'{a}}rd and Smith, Jeremy C and Hess, Berk and Lindahl, Erik},
doi = {10.1016/j.softx.2015.06.001},
file = {:media/ines/storage/NamPRT/Paper{\_}NamPRT/Bibtex/Abraham2015.pdf:pdf},
issn = {23527110},
journal = {SoftwareX},
keywords = {free energy,gpu,molecular dynamics,simd},
month = {sep},
pages = {19--25},
title = {{GROMACS: High performance molecular simulations through multi-level parallelism from laptops to supercomputers}},
url = {https://linkinghub.elsevier.com/retrieve/pii/S2352711015000059},
volume = {1-2},
year = {2015}
}
@article{Burgos2009,
author = {Burgos, Emmanuel S and Ho, M.-C. and Almo, Steven C and Schramm, Vern L},
doi = {10.1073/pnas.0903898106},
file = {:media/ines/storage/NamPRT/Paper{\_}NamPRT/Bibtex/Burgos2009.pdf:pdf},
issn = {0027-8424},
journal = {Proceedings of the National Academy of Sciences},
month = {aug},
number = {33},
pages = {13748--13753},
pmid = {19666527},
title = {{A phosphoenzyme mimic, overlapping catalytic sites and reaction coordinate motion for human NAMPT}},
url = {http://www.pnas.org/cgi/doi/10.1073/pnas.0903898106},
volume = {106},
year = {2009}
}
@article{Jorgensen1983,
author = {Jorgensen, William L and Chandrasekhar, Jayaraman and Madura, Jeffry D and Impey, Roger W and Klein, Michael L},
doi = {10.1063/1.445869},
file = {:media/ines/storage/NamPRT/Paper{\_}NamPRT/Bibtex/Jorgensen1983.pdf:pdf},
issn = {0021-9606},
journal = {The Journal of Chemical Physics},
month = {jul},
number = {2},
pages = {926--935},
title = {{Comparison of simple potential functions for simulating liquid water}},
url = {http://aip.scitation.org/doi/10.1063/1.445869},
volume = {79},
year = {1983}
}
@article{Lindorff-Larsen2010,
author = {Lindorff-Larsen, Kresten and Piana, Stefano and Palmo, Kim and Maragakis, Paul and Klepeis, John L and Dror, Ron O and Shaw, David E},
doi = {10.1002/prot.22711},
file = {:media/ines/storage/NamPRT/Paper{\_}NamPRT/Bibtex/Lindorff-Larsen.pdf:pdf},
issn = {08873585},
journal = {Proteins: Structure, Function, and Bioinformatics},
keywords = {molecular dynamics simu-},
pages = {NA--NA},
title = {{Improved side-chain torsion potentials for the Amber ff99SB protein force field}},
url = {http://doi.wiley.com/10.1002/prot.22711},
year = {2010}
}



@article{jones2016targeting,
title={Targeting the cancer epigenome for therapy},
author={Jones, Peter A and Issa, Jean-Pierre J and Baylin, Stephen},
journal={Nature Reviews Genetics},
volume={17},
number={10},
pages={630},
year={2016},
publisher={Nature Publishing Group}
}

@article{vander2017understanding,
title={Understanding the intersections between metabolism and cancer biology},
author={Vander Heiden, Matthew G and DeBerardinis, Ralph J},
journal={Cell},
volume={168},
number={4},
pages={657--669},
year={2017},
publisher={Elsevier}
}

@article{mondesir2016idh1,
title={IDH1 and IDH2 mutations as novel therapeutic targets: current perspectives},
author={Mondesir, Johanna and Willekens, Christophe and Touat, Mehdi and de Botton, St{\'e}phane},
journal={Journal of blood medicine},
volume={7},
pages={171},
year={2016},
publisher={Dove Press}
}

@article{tateishi2015extreme,
title={Extreme vulnerability of IDH1 mutant cancers to NAD+ depletion},
author={Tateishi, Kensuke and Wakimoto, Hiroaki and Iafrate, A John and Tanaka, Shota and Loebel, Franziska and Lelic, Nina and Wiederschain, Dmitri and Bedel, Olivier and Deng, Gejing and Zhang, Bailin and others},
journal={Cancer cell},
volume={28},
number={6},
pages={773--784},
year={2015},
publisher={Elsevier}
}

@article{kennedy2016nad+,
title={NAD+ salvage pathway in cancer metabolism and therapy},
author={Kennedy, Barry E and Sharif, Tanveer and Martell, Emma and Dai, Cathleen and Kim, Youra and Lee, Patrick WK and Gujar, Shashi A},
journal={Pharmacological research},
volume={114},
pages={274--283},
year={2016},
publisher={Elsevier}
}
