@article{Ballenghien2017,
author = {Ballenghien, Marion and Faivre, Nicolas and Galtier, Nicolas},
journal = {BMC Biology},
number = {1},
pages = {1--16},
title = {Patterns of cross-contamination in a multispecies population genomic project: Detection, quantification, impact, and solutions},
volume = {15},
year = {2017}
}
@article{Longo2011,
author = {Longo, Mark S and O'Neill, Michael J and O'Neill, Rachel J},
journal = {PLoS ONE},
number = {2},
pages = {1--4},
title = {Abundant human {DNA} contamination identified in non-primate genome databases},
volume = {6},
year = {2011}
}
@article{Frederick2017,
author = {Frederick, David W and Trefely, Sophie and Buas, Alexia and Goodspeed, Jason and Singh, Jay and Mesaros, Clementina and Baur, Joseph A and Snyder, Nathaniel W},
journal = {Analyst},
number = {23},
pages = {4431--4437},
title = {Stable isotope labeling by essential nutrients in cell culture (SILEC) for accurate measurement of nicotinamide adenine dinucleotide metabolism},
volume = {142},
year = {2017}
}
@article{Xu2015SR,
author = {Xu, Tian-Ying and Zhang, Sai-Long and Dong, Guo-Qiang and Liu, Xin-Zhu and Wang, Xia and Lv, Xiao-Qun and Qian, Qi-Jun and Zhang, Ruo-Yu and Sheng, Chun-Quan and Miao, Chao-Yu},
journal = {Scientific Reports},
number = {1},
pages = {10043},
title = {Discovery and characterization of novel small-molecule inhibitors targeting nicotinamide phosphoribosyltransferase},
volume = {5},
year = {2015}
}
@article{EspindolaNetto2017,
author = {Espindola-Netto, Jair Machado and Chini, Claudia C S and Tarragó, Mariana and Wang, Enfeng and Dutta, Shamit and Pal, Krishnendu and Mukhopadhyay, Debabrata and Sola-Penna, Mauro and Chini, Eduardo N},
journal = {Oncotarget},
number = {49},
pages = {85054--85067},
title = {Preclinical efficacy of the novel competitive {NAMPT} inhibitor {STF}-118804 in pancreatic cancer},
volume = {8},
year = {2017}
}
@article{Wang2011,
author = {Wang, B and Hasan, M K and Alvarado, E and Yuan, H and Wu, H and Chen, W Y},
journal = {Oncogene},
month = {feb},
number = {8},
pages = {907--21},
title = {{NAMPT} overexpression in prostate cancer and its contribution to tumor cell survival and stress response.},
volume = {30},
year = {2011}
}
@article{Bi2011,
author = {Bi, Tie Qiang and Che, Xiang Ming and Liao, Xin Hua and Zhang, Dan Jie and Long, Hou Long and Li, Hai Jun and Zhao, Wei},
journal = {Oncology Reports},
number = {5},
pages = {1251--1257},
title = {Overexpression of {Nampt} in gastric cancer and chemopotentiating effects of the {Nampt} inhibitor {FK866} in combination with fluorouracil},
volume = {26},
year = {2011}
}
@article{Simao2015,
author = {Simão, Felipe A and Waterhouse, Robert M and Ioannidis, Panagiotis and Kriventseva, Evgenia V and Zdobnov, Evgeny M},
journal = {Bioinformatics},
number = {19},
pages = {3210--3212},
title = {{BUSCO}: Assessing genome assembly and annotation completeness with single-copy orthologs},
volume = {31},
year = {2015}
}
@article{Figliuzzi2016,
author = {Figliuzzi, Matteo and Jacquier, Herve and Schug, Alexander and Tenaillon, Oliver and Weigt, Martin},
journal = {Molecular Biology and Evolution},
number = {1},
pages = {268--280},
title = {Coevolutionary landscape inference and the context-dependence of mutations in beta-lactamase {TEM}-1},
volume = {33},
year = {2016}
}
@article{Martin2001,
author = {Martin, Paul R and Shea, Robin J and Mulks, Martha H},
journal = {Journal of Bacteriology},
month = {feb},
number = {4},
pages = {1168--74},
title = {Identification of a plasmid-encoded gene from \spec{Haemophilus ducreyi} which confers {NAD} independence.},
volume = {183},
year = {2001}
}
@article{Prum2015,
author = {Prum, Richard O and Berv, Jacob S and Dornburg, Alex and Field, Daniel J and Townsend, Jeffrey P and Lemmon, Emily Moriarty and Lemmon, Alan R},
journal = {Nature},
number = {7574},
pages = {569--573},
title = {A comprehensive phylogeny of birds {(Aves)} using targeted next-generation {DNA} sequencing},
volume = {526},
year = {2015}
}
@article{Carneiro2013,
author = {Carneiro, João and Duarte-Pereira, Sara and Azevedo, Luísa and Castro, L Filipe C and Aguiar, Paulo and Moreira, Irina S and Amorim, António and Silva, Raquel M},
journal = {PLoS ONE},
number = {5},
title = {The Evolutionary Portrait of Metazoan {NAD} Salvage},
volume = {8},
year = {2013}
}
@article{Kulikova2015,
author = {Kulikova, Veronika A and Shabalin, Konstantin and Nerinovski, Kirill and Dölle, Christian and Niere, Marc and Yakimov, Alexander and Redpath, Philip and Khodorkovskiy, Mikhail and Migaud, Marie E and Ziegler, Mathias and Nikiforov, Andrey A},
journal = {Journal of Biological Chemistry},
number = {45},
pages = {27124--27137},
title = {Generation, release, and uptake of the {NAD} precursor nicotinic acid riboside by human cells},
volume = {290},
year = {2015}
}
@article{Wielgus-Kutrowska1997,
author = {Wielgus-Kutrowska, Beata and Kulikowska, Ewa and Wierzchowski, Jacek and Bzowska, Agnieszka and Shugar, David},
journal = {European Journal of Biochemistry},
number = {1-2},
pages = {408--414},
title = {Nicotinamide riboside, an unusual, non-typical, substrate of purified purine-nucleoside phosphorylases},
volume = {243},
year = {1997}
}
@article{Dolle2009,
author = {Dölle, Christian and Ziegler, Mathias},
journal = {Analytical Biochemistry},
number = {2},
pages = {377--379},
title = {Application of a coupled enzyme assay to characterize nicotinamide riboside kinases},
volume = {385},
year = {2009}
}
@article{Reed2004,
author = {Reed, Michael C and Nijhout, H Frederik and Sparks, Rachel and Ulrich, Cornelia M},
journal = {Journal of Theoretical Biology},
month = {jan},
number = {1},
pages = {33--43},
title = {A mathematical model of the methionine cycle.},
volume = {226},
year = {2004}
}
@article{Delaney2005,
author = {Delaney, Jane and Hodson, Mark P and Thakkar, Hansa and Connor, Susan C and Sweatman, Brian C and Kenny, Steve P and McGill, Paul J and Holder, Julie C and Hutton, Kathryn A and Haselden, John N and Waterfield, Catherine J},
journal = {Archives of Toxicology},
number = {4},
pages = {208--223},
title = {Tryptophan-{NAD+} pathway metabolites as putative biomarkers and predictors of peroxisome proliferation},
volume = {79},
year = {2005}
}
@article{Okamura1998,
author = {Okamura, Atsushi and Ohmura, Yoshihisa and Islam, Md Muzharul and Tagawa, Masatoshi and Horitsu, Keisuke and Moriyama, Yoichi and Fujimura, Shinji},
journal = {Japanese Journal of Cancer Research},
number = {6},
pages = {649--656},
title = {Increased hepatic nicotinamide {N}-methyltransferase activity as a marker of cancer cachexia in mice bearing colon 26 adenocarcinoma},
volume = {89},
year = {1998}
}
@article{Pumpo2001,
author = {Pumpo, Rossella and Sarnelli, Giovanni and Spinella, Aldo and Budillon, Gabriele and Cuomo, Rosario},
journal = {American Journal of Gastroenterology},
number = {4},
pages = {1183--1187},
title = {The metabolism of nicotinamide in human liver cirrhosis: A study on {N}-methylnicotinamide and 2-pyridone-5-carboxamide production},
volume = {96},
year = {2001}
}
@article{Liu2018,
author = {Liu, Ling and Su, Xiaoyang and Quinn, William J and Hui, Sheng and Krukenberg, Kristin and Frederick, David W and Redpath, Philip and Zhan, Le and Chellappa, Karthikeyani and White, Eileen and Migaud, Marie E and Mitchison, Timothy J and Baur, Joseph A and Rabinowitz, Joshua D},
journal = {Cell Metabolism},
number = {5},
pages = {1067--1080.e5},
title = {Quantitative Analysis of {NAD} Synthesis-Breakdown Fluxes},
volume = {27},
year = {2018}
}
@article{Buonvicino2018,
author = {Buonvicino, Daniela and Mazzola, Francesca and Zamporlini, Federica and Resta, Francesco and Ranieri, Giuseppe and Camaioni, Emidio and Muzzi, Mirko and Zecchi, Riccardo and Pieraccini, Giuseppe and Dölle, Christian and Calamante, Massimo and Bartolucci, Gianluca and Ziegler, Mathias and Stecca, Barbara and Raffaelli, Nadia and Chiarugi, Alberto},
journal = {Cell Chemical Biology},
month = {apr},
number = {4},
pages = {471--482.e7},
title = {Identification of the Nicotinamide Salvage Pathway as a New Toxification Route for Antimetabolites.},
volume = {25},
year = {2018}
}
@article{CommissionofEuropeanCommunities2008,
author = {{Commission of European Communities}},
journal = {Official Journal of the European Union},
pages = {9--12},
title = {Commission {Directive} 2008/100/{EC} of 28 {October} 2008 amending {Council} {Directive} 90/496/{EEC} on nutrition labelling for foodstuffs as regards recommended daily allowances, energy conversion factors and definitions.},
volume = {285},
year = {2008}
}
@article{Kosugi2009,
author = {Kosugi, Shunichi and Hasebe, Masako and Tomita, Masaru and Yanagawa, Hiroshi},
journal = {Proceedings of the National Academy of Sciences},
month = {jun},
number = {25},
pages = {10171--6},
title = {Systematic identification of cell cycle-dependent yeast nucleocytoplasmic shuttling proteins by prediction of composite motifs.},
volume = {106},
year = {2009}
}
@article{Wlodarski2011,
author = {Wlodarski, Tomasz and Kutner, Jan and Towpik, Joanna and Knizewski, Lukasz and Rychlewski, Leszek and Kudlicki, Andrzej and Rowicka, Maga and Dziembowski, Andrzej and Ginalski, Krzysztof},
journal = {PLoS ONE},
number = {8},
title = {Comprehensive structural and substrate specificity classification of the \spec{Saccharomyces cerevisiae} methyltransferome},
volume = {6},
year = {2011}
}
@article{Verdin2015,
author = {Verdin, Eric},
journal = {Science},
number = {6265},
title = {{NAD+} in aging, metabolism, and neurodegeneration},
volume = {350},
year = {2015}
}
@article{Schmeisser2013,
author = {Schmeisser, Kathrin and Mansfeld, Johannes and Kuhlow, Doreen and Weimer, Sandra and Priebe, Steffen and Heiland, Ines and Birringer, Marc and Groth, Marco and Segref, Alexandra and Kanfi, Yariv and Price, Nathan L and Schmeisser, Sebastian and Schuster, Stefan and Pfeiffer, Andreas F H and Guthke, Reinhard and Platzer, Matthias and Hoppe, Thorsten and Cohen, Haim Y and Zarse, Kim and Sinclair, David A and Ristow, Michael},
journal = {Nature Chemical Biology},
number = {11},
pages = {693--700},
title = {Role of sirtuins in lifespan regulation is linked to methylation of nicotinamide},
volume = {9},
year = {2013}
}
@article{Schauble2013,
author = {Schäuble, Sascha and Stavrum, Anne-Kristin and Puntervoll, Pål and Schuster, Stefan and Heiland, Ines},
journal = {FEBS Letters},
number = {17},
pages = {2818--2824},
title = {Effect of substrate competition in kinetic models of metabolic networks},
volume = {587},
year = {2013}
}
@article{Kraus2014,
author = {Kraus, Daniel and Yang, Qin and Kong, Dong and Banks, Alexander S and Zhang, Lin and Rodgers, Joseph T and Pirinen, Eija and Pulinilkunnil, Thomas C and Gong, Fengying and Wang, Ya-chin and Cen, Yana and Sauve, Anthony A and Asara, John M and Peroni, Odile D and Monia, Brett P and Bhanot, Sanjay and Alhonen, Leena and Puigserver, Pere and Kahn, Barbara B},
journal = {Nature},
month = {apr},
number = {7495},
pages = {258--62},
title = {Nicotinamide {N}-methyltransferase knockdown protects against diet-induced obesity.},
volume = {508},
year = {2014}
}
@article{Ko2012,
author = {Ko, Hui Ling and Ren, Ee Chee},
journal = {Biomolecules},
number = {4},
pages = {524--548},
title = {Functional aspects of {PARP1} in {DNA} repair and transcription},
volume = {2},
year = {2012}
}
@article{Hoops2006,
author = {Hoops, Stefan and Sahle, Sven and Gauges, Ralph and Lee, Christine and Pahle, Jürgen and Simus, Natalia and Singhal, Mudita and Xu, Liang and Mendes, Pedro and Kummer, Ursula},
journal = {Bioinformatics},
month = {dec},
number = {24},
pages = {3067--74},
title = {{COPASI – a COmplex PAthway SImulator.}},
volume = {22},
year = {2006}
}
@article{Hong2015,
author = {Hong, Shangyu and Moreno-Navarrete, Jose M and Wei, Xiaojing and Kikukawa, Yusuke and Tzameli, Iphigenia and Prasad, Deepthi and Lee, Yoonjin and Asara, John M and Fernandez-Real, Jose Manuel and Maratos-Flier, Eleftheria and Pissios, Pavlos},
journal = {Nature Medicine},
number = {8},
pages = {887--894},
title = {Nicotinamide {N}-methyltransferase regulates hepatic nutrient metabolism through {Sirt1} protein stabilization},
volume = {21},
year = {2015}
}
@article{Borra2004,
author = {Borra, Margie T and Langer, Michael R and Slama, James T and Denu, John M},
journal = {Biochemistry},
number = {30},
pages = {9877--9887},
title = {Substrate specificity and kinetic mechanism of the {Sir2} family of {NAD+}-dependent histone/protein deacetylases},
volume = {43},
year = {2004}
}
@article{Burgos2008,
author = {Burgos, Emmanuel S and Schramm, Vern L},
journal = {Biochemistry},
month = {oct},
number = {42},
pages = {11086--96},
title = {Weak coupling of {ATP} hydrolysis to the chemical equilibrium of human nicotinamide phosphoribosyltransferase.},
volume = {47},
year = {2008}
}
@article{Arnold2006,
author = {Arnold, Konstantin and Bordoli, Lorenza and Kopp, Jürgen and Schwede, Torsten},
journal = {Bioinformatics},
number = {2},
pages = {195--201},
title = {The {SWISS-MODEL} workspace: A web-based environment for protein structure homology modelling},
volume = {22},
year = {2006}
}
@article{Bogan2008,
author = {Bogan, Katrina L and Brenner, Charles},
journal = {Annual Review of Nutrition},
number = {1},
pages = {115--130},
title = {Nicotinic Acid, Nicotinamide, and Nicotinamide Riboside: A Molecular Evaluation of {NAD+} Precursor Vitamins in Human Nutrition},
volume = {28},
year = {2008}
}
@article{Biasini2014,
author = {Biasini, Marco and Bienert, Stefan and Waterhouse, Andrew and Arnold, Konstantin and Studer, Gabriel and Schmidt, Tobias and Kiefer, Florian and Cassarino, Tiziano Gallo and Bertoni, Martino and Bordoli, Lorenza and Schwede, Torsten},
journal = {Nucleic Acids Research},
number = {W1},
pages = {252--258},
title = {{SWISS-MODEL}: Modelling protein tertiary and quaternary structure using evolutionary information},
volume = {42},
year = {2014}
}
@article{Alhazzazi2011,
author = {Alhazzazi, Turki Y and Kamarajan, Pachiyappan and Verdin, Eric and Kapila, Yvonne L},
journal = {Biochimica et Biophysica Acta},
month = {aug},
number = {1},
pages = {80--8},
title = {{SIRT3} and cancer: tumor promoter or suppressor?},
volume = {1816},
year = {2011}
}
@article{Niewmierzycka1999,
author = {Niewmierzycka, Agnieszka and Clarke, Steven},
journal = {The Journal of Biological Chemistry},
month = {jan},
number = {2},
pages = {814--24},
title = {{S}-Adenosylmethionine-dependent methylation in \spec{Saccharomyces cerevisiae}. Identification of a novel protein arginine methyltransferase.},
volume = {274},
year = {1999}
}
@article{Hron2015,
author = {Hron, Tomáš and Pajer, Petr and Pačes, Jan and Bartüněk, Petr and Elleder, Daniel},
journal = {Genome Biology},
number = {1},
pages = {4--7},
title = {Hidden genes in birds},
volume = {16},
year = {2015}
}
@article{North2004,
author = {North, Brian J and Verdin, Eric},
journal = {Genome Biology},
number = {5},
pages = {224},
title = {Sirtuins: {Sir2}-related {NAD}-dependent protein deacetylases.},
volume = {5},
year = {2004}
}
@article{Pissios2017,
author = {Pissios, Pavlos},
journal = {Trends in Endocrinology and Metabolism},
month = {mar},
number = {5},
pages = {340--353},
title = {Nicotinamide {N}-Methyltransferase: More Than a Vitamin {B3} Clearance Enzyme.},
volume = {28},
year = {2017}
}
@article{Gerdes2006,
author = {Gerdes, Svetlana Y and Kurnasov, Oleg V and Shatalin, Konstantin and Polanuyer, Boris and Sloutsky, Roman and Vonstein, Veronika and Overbeek, Ross and Osterman, Andrei L},
journal = {Journal of Bacteriology},
number = {8},
pages = {3012--3023},
title = {Comparative genomics of {NAD} biosynthesis in cyanobacteria.},
volume = {188},
year = {2006}
}
@article{Belenky2007,
author = {Belenky, Peter and Racette, Frances G and Bogan, Katrina L and McClure, Julie M and Smith, Jeffrey S and Brenner, Charles},
journal = {Cell},
number = {3},
pages = {473--484},
title = {Nicotinamide Riboside Promotes {Sir2} Silencing and Extends Lifespan via {Nrk} and {Urh1/Pnp1/Meu1} Pathways to {NAD+}.},
volume = {129},
year = {2007}
}
@article{Koch-Nolte2009,
author = {Koch-Nolte, Friedrich and Haag, Friedrich and Guse, Andreas H and Lund, Frances and Ziegler, Mathias},
journal = {Science Signaling},
month = {feb},
number = {57},
pages = {mr1},
title = {Emerging roles of {NAD+} and its metabolites in cell signaling.},
volume = {2},
year = {2009}
}
@article{Ruggieri2015,
author = {Ruggieri, Silverio and Orsomando, Giuseppe and Sorci, Leonardo and Raffaelli, Nadia},
journal = {Biochimica et Biophysica Acta},
month = {sep},
number = {9},
pages = {1138--49},
title = {Regulation of {NAD} biosynthetic enzymes modulates {NAD}-sensing processes to shape mammalian cell physiology under varying biological cues.},
volume = {1854},
year = {2015}
}
@article{Osborne2016,
author = {Osborne, Brenna and Bentley, Nicholas L and Montgomery, Magdalene K and Turner, Nigel},
journal = {Free Radical Biology and Medicine},
pages = {164--174},
title = {The role of mitochondrial sirtuins in health and disease.},
volume = {100},
year = {2016}
}
@article{Wang2006,
author = {Wang, Tao and Zhang, Xiangbin and Bheda, Poonam and Revollo, Javier R and Imai, Shin-ichiro and Wolberger, Cynthia},
journal = {Nature Structural and Molecular Biology},
number = {7},
pages = {661--662},
title = {Structure of {Nampt/PBEF/visfatin}, a mammalian {NAD+} biosynthetic enzyme.},
volume = {13},
year = {2006}
}
@article{Chiarugi2012,
author = {Chiarugi, Alberto and Dölle, Christian and Felici, Roberta and Ziegler, Mathias},
journal = {Nature Reviews Cancer},
number = {11},
pages = {741--752},
title = {The {NAD} metabolome – A key determinant of cancer cell biology.},
volume = {12},
year = {2012}
}
@article{Hasmann2003,
author = {Hasmann, Max and Schemainda, Isabel},
journal = {Cancer Research},
month = {nov},
number = {21},
pages = {7436--42},
title = {{FK866}, a highly specific noncompetitive inhibitor of nicotinamide phosphoribosyltransferase, represents a novel mechanism for induction of tumor cell apoptosis.},
volume = {63},
year = {2003}
}
@article{Lee2012,
author = {Lee, Hon Cheung},
journal = {Journal of Biological Chemistry},
number = {38},
pages = {31633--31640},
title = {Cyclic {ADP}-ribose and nicotinic acid adenine dinucleotide phosphate {(NAADP)} as messengers for calcium mobilization.},
volume = {287},
year = {2012}
}
@article{Aksoy1994,
author = {Aksoy, Saime and Szumlanski, Carol L and Weinshilboum, Richard M},
journal = {Journal of Biological Chemistry},
number = {20},
pages = {14835--14840},
title = {Human liver nicotinamide {N}-methyltransferase. {cDNA} cloning, expression, and biochemical characterization.},
volume = {269},
year = {1994}
}
@article{Yoshino2018,
author = {Yoshino, Jun and Baur, Joseph A and Imai, Shin-ichiro},
journal = {Cell Metabolism},
number = {3},
pages = {513--528},
title = {{NAD+} Intermediates: The Biology and Therapeutic Potential of {NMN} and {NR}.},
volume = {27},
year = {2018}
}
@article{Butepage2015,
author = {Bütepage, Mareike and Eckei, Laura and Verheugd, Patricia and Lüscher, Bernhard},
journal = {Cells},
number = {4},
pages = {569--595},
title = {Intracellular Mono-{ADP}-Ribosylation in Signaling and Disease.},
volume = {4},
year = {2015}
}
@article{DeVos2012,
author = {{De Vos}, Mike and Schreiber, Valérie and Dantzer, Françoise},
journal = {Biochemical Pharmacology},
number = {2},
pages = {137--146},
title = {The diverse roles and clinical relevance of {PARPs} in {DNA} damage repair: Current state of the art},
volume = {84},
year = {2012}
}
@article{Gossmann2012FEBS,
author = {Gossmann, Toni Ingolf and Ziegler, Mathias and Puntervoll, Pål and de Figueiredo, Luis F and Schuster, Stefan and Heiland, Ines},
journal = {The FEBS Journal},
month = {sep},
number = {18},
pages = {3355--3363},
title = {{NAD+} biosynthesis and salvage – a phylogenetic perspective.},
volume = {279},
year = {2012}
}
@article{Opitz2015,
author = {Opitz, Christiane A and Heiland, Ines},
journal = {Biochemical Society Transactions},
month = {dec},
number = {6},
pages = {1127--32},
title = {Dynamics of {NAD}-metabolism: everything but constant.},
volume = {43},
year = {2015}
}
@article{Gazzaniga2009,
author = {Gazzaniga, Francesca and Stebbins, Rebecca and Chang, Sheila Z and McPeek, Mark A and Brenner, Charles},
journal = {Microbiology and Molecular Biology Reviews},
month = {sep},
number = {3},
pages = {529--41},
title = {Microbial {NAD} metabolism: lessons from comparative genomics.},
volume = {73},
year = {2009}
}
@article{Lau2010,
author = {Lau, Corinna and Dölle, Christian and Gossmann, Toni Ingolf and Agledal, Line and Niere, Marc and Ziegler, Mathias},
journal = {The Journal of Biological Chemistry},
month = {jun},
number = {24},
pages = {18868--76},
title = {Isoform-specific targeting and interaction domains in human nicotinamide mononucleotide adenylyltransferases.},
volume = {285},
year = {2010}
}
@article{DeFigueiredo2011,
author = {de Figueiredo, Luis F and Gossmann, Toni Ingolf and Ziegler, Mathias and Schuster, Stefan},
journal = {Biochemical Journal},
number = {2},
pages = {341--348},
title = {Pathway analysis of {NAD+} metabolism},
volume = {439},
year = {2011}
}
@article{Anderson2003,
author = {Anderson, Rozalyn M and Bitterman, Kevin J and Wood, Jason G and Medvedik, Oliver and Sinclair, David A},
journal = {Nature},
number = {6936},
pages = {181--185},
title = {Nicotinamide and {PNC1} govern lifespan extension by calorie restriction in \spec{Saccharomyces cerevisiae}.},
volume = {423},
year = {2003}
}
@article{Burgos2009,
author = {Burgos, Emmanuel S and Ho, Meng-Chiao and Almo, Steven C and Schramm, Vern L},
journal = {Proceedings of the National Academy of Sciences},
month = {aug},
number = {33},
pages = {13748--53},
title = {A phosphoenzyme mimic, overlapping catalytic sites and reaction coordinate motion for human {NAMPT}.},
volume = {106},
year = {2009}
}
@article{Hamey2016,
author = {Hamey, Joshua J and Winter, Daniel L and Yagoub, Daniel and Overall, Christopher M and Hart-Smith, Gene and Wilkins, Marc R},
journal = {Molecular \& Cellular Proteomics},
number = {1},
pages = {164--176},
title = {Novel {N}-terminal and Lysine Methyltransferases That Target Translation Elongation Factor {1A} in Yeast and Human},
volume = {15},
year = {2016}
}
@article{Huerta-Cepas2016,
author = {Huerta-Cepas, Jaime and Serra, François and Bork, Peer},
journal = {Molecular Biology and Evolution},
number = {6},
pages = {1635--8},
title = {{ETE} 3: Reconstruction, Analysis, and Visualization of Phylogenomic Data.},
volume = {33},
year = {2016}
}
@article{Gossmann2014DNAR,
author = {Gossmann, Toni Ingolf and Ziegler, Mathias},
journal = {DNA Repair},
pages = {39--48},
title = {Sequence divergence and diversity suggests ongoing functional diversification of vertebrate {NAD} metabolism},
volume = {23},
year = {2014}
}
@article{Sorci2010,
author = {Sorci, Leonardo and Blaby, Ian and {De Ingeniis}, Jessica and Gerdes, Svetlana Y and Raffaelli, Nadia and Lagard, Valérie De Crécy and Osterman, Andrei L},
journal = {Journal of Biological Chemistry},
number = {50},
pages = {39490--39499},
title = {Genomics-driven reconstruction of \spec{Acinetobacter} {NAD} metabolism: Insights for antibacterial target selection},
volume = {285},
year = {2010}
}
@article{Ramsey2009,
author = {Ramsey, Kathryn Moynihan and Yoshino, Jun and Brace, Cynthia S and Abrassart, Dana and Kobayashi, Yumiko and Marcheva, Biliana and Hong, Hee Kyung and Chong, Jason L and Buhr, Ethan D and Lee, Choogon and Takahashi, Joseph S and Imai, Shin-ichiro and Bass, Joseph},
journal = {Science},
number = {5927},
pages = {651--654},
title = {Circadian clock feedback cycle through {NAMPT}-Mediated {NAD+} biosynthesis},
volume = {324},
year = {2009}
}
@article{Ulanovskaya2013,
author = {Ulanovskaya, Olesya A and Zuhl, Andrea M and Cravatt, Benjamin F},
journal = {Nature Chemical Biology},
number = {5},
pages = {300--306},
title = {{NNMT} promotes epigenetic remodeling in cancer by creating a metabolic methylation sink},
volume = {9},
year = {2013}
}
